%YAML 1.1
%TAG !u! tag:unity3d.com,2011:
--- !u!1 &100000
GameObject:
  m_ObjectHideFlags: 0
  m_PrefabParentObject: {fileID: 0}
  m_PrefabInternal: {fileID: 100100000}
  serializedVersion: 5
  m_Component:
  - component: {fileID: 400000}
  - component: {fileID: 13700000}
  m_Layer: 0
  m_Name: dress_05
  m_TagString: Untagged
  m_Icon: {fileID: 0}
  m_NavMeshLayer: 0
  m_StaticEditorFlags: 0
  m_IsActive: 1
--- !u!1 &100002
GameObject:
  m_ObjectHideFlags: 0
  m_PrefabParentObject: {fileID: 0}
  m_PrefabInternal: {fileID: 100100000}
  serializedVersion: 5
  m_Component:
  - component: {fileID: 400002}
  - component: {fileID: 13700002}
  m_Layer: 0
  m_Name: hair_05
  m_TagString: Untagged
  m_Icon: {fileID: 0}
  m_NavMeshLayer: 0
  m_StaticEditorFlags: 0
  m_IsActive: 1
--- !u!1 &100004
GameObject:
  m_ObjectHideFlags: 0
  m_PrefabParentObject: {fileID: 0}
  m_PrefabInternal: {fileID: 100100000}
  serializedVersion: 5
  m_Component:
  - component: {fileID: 400004}
  - component: {fileID: 13700004}
  m_Layer: 0
  m_Name: shoes_02
  m_TagString: Untagged
  m_Icon: {fileID: 0}
  m_NavMeshLayer: 0
  m_StaticEditorFlags: 0
  m_IsActive: 1
--- !u!1 &100006
GameObject:
  m_ObjectHideFlags: 0
  m_PrefabParentObject: {fileID: 0}
  m_PrefabInternal: {fileID: 100100000}
  serializedVersion: 5
  m_Component:
  - component: {fileID: 400006}
  m_Layer: 0
  m_Name: Bip01
  m_TagString: Untagged
  m_Icon: {fileID: 0}
  m_NavMeshLayer: 0
  m_StaticEditorFlags: 0
  m_IsActive: 1
--- !u!1 &100008
GameObject:
  m_ObjectHideFlags: 1
  m_PrefabParentObject: {fileID: 0}
  m_PrefabInternal: {fileID: 100100000}
  serializedVersion: 5
  m_Component:
  - component: {fileID: 400008}
  m_Layer: 0
  m_Name: Bip01 Pelvis
  m_TagString: Untagged
  m_Icon: {fileID: 0}
  m_NavMeshLayer: 0
  m_StaticEditorFlags: 0
  m_IsActive: 1
--- !u!1 &100010
GameObject:
  m_ObjectHideFlags: 1
  m_PrefabParentObject: {fileID: 0}
  m_PrefabInternal: {fileID: 100100000}
  serializedVersion: 5
  m_Component:
  - component: {fileID: 400010}
  m_Layer: 0
  m_Name: Bip01 Spine
  m_TagString: Untagged
  m_Icon: {fileID: 0}
  m_NavMeshLayer: 0
  m_StaticEditorFlags: 0
  m_IsActive: 1
--- !u!1 &100012
GameObject:
  m_ObjectHideFlags: 1
  m_PrefabParentObject: {fileID: 0}
  m_PrefabInternal: {fileID: 100100000}
  serializedVersion: 5
  m_Component:
  - component: {fileID: 400012}
  m_Layer: 0
  m_Name: Bip01 L Thigh
  m_TagString: Untagged
  m_Icon: {fileID: 0}
  m_NavMeshLayer: 0
  m_StaticEditorFlags: 0
  m_IsActive: 1
--- !u!1 &100014
GameObject:
  m_ObjectHideFlags: 1
  m_PrefabParentObject: {fileID: 0}
  m_PrefabInternal: {fileID: 100100000}
  serializedVersion: 5
  m_Component:
  - component: {fileID: 400014}
  m_Layer: 0
  m_Name: Bip01 L Calf
  m_TagString: Untagged
  m_Icon: {fileID: 0}
  m_NavMeshLayer: 0
  m_StaticEditorFlags: 0
  m_IsActive: 1
--- !u!1 &100016
GameObject:
  m_ObjectHideFlags: 1
  m_PrefabParentObject: {fileID: 0}
  m_PrefabInternal: {fileID: 100100000}
  serializedVersion: 5
  m_Component:
  - component: {fileID: 400016}
  m_Layer: 0
  m_Name: Bip01 L Foot
  m_TagString: Untagged
  m_Icon: {fileID: 0}
  m_NavMeshLayer: 0
  m_StaticEditorFlags: 0
  m_IsActive: 1
--- !u!1 &100018
GameObject:
  m_ObjectHideFlags: 1
  m_PrefabParentObject: {fileID: 0}
  m_PrefabInternal: {fileID: 100100000}
  serializedVersion: 5
  m_Component:
  - component: {fileID: 400018}
  m_Layer: 0
  m_Name: Bip01 L Toe0
  m_TagString: Untagged
  m_Icon: {fileID: 0}
  m_NavMeshLayer: 0
  m_StaticEditorFlags: 0
  m_IsActive: 1
--- !u!1 &100020
GameObject:
  m_ObjectHideFlags: 1
  m_PrefabParentObject: {fileID: 0}
  m_PrefabInternal: {fileID: 100100000}
  serializedVersion: 5
  m_Component:
  - component: {fileID: 400020}
  m_Layer: 0
  m_Name: Bip01 R Thigh
  m_TagString: Untagged
  m_Icon: {fileID: 0}
  m_NavMeshLayer: 0
  m_StaticEditorFlags: 0
  m_IsActive: 1
--- !u!1 &100022
GameObject:
  m_ObjectHideFlags: 1
  m_PrefabParentObject: {fileID: 0}
  m_PrefabInternal: {fileID: 100100000}
  serializedVersion: 5
  m_Component:
  - component: {fileID: 400022}
  m_Layer: 0
  m_Name: Bip01 R Calf
  m_TagString: Untagged
  m_Icon: {fileID: 0}
  m_NavMeshLayer: 0
  m_StaticEditorFlags: 0
  m_IsActive: 1
--- !u!1 &100024
GameObject:
  m_ObjectHideFlags: 1
  m_PrefabParentObject: {fileID: 0}
  m_PrefabInternal: {fileID: 100100000}
  serializedVersion: 5
  m_Component:
  - component: {fileID: 400024}
  m_Layer: 0
  m_Name: Bip01 R Foot
  m_TagString: Untagged
  m_Icon: {fileID: 0}
  m_NavMeshLayer: 0
  m_StaticEditorFlags: 0
  m_IsActive: 1
--- !u!1 &100026
GameObject:
  m_ObjectHideFlags: 1
  m_PrefabParentObject: {fileID: 0}
  m_PrefabInternal: {fileID: 100100000}
  serializedVersion: 5
  m_Component:
  - component: {fileID: 400026}
  m_Layer: 0
  m_Name: Bip01 R Toe0
  m_TagString: Untagged
  m_Icon: {fileID: 0}
  m_NavMeshLayer: 0
  m_StaticEditorFlags: 0
  m_IsActive: 1
--- !u!1 &100028
GameObject:
  m_ObjectHideFlags: 1
  m_PrefabParentObject: {fileID: 0}
  m_PrefabInternal: {fileID: 100100000}
  serializedVersion: 5
  m_Component:
  - component: {fileID: 400028}
  m_Layer: 0
  m_Name: Bip01 Spine1
  m_TagString: Untagged
  m_Icon: {fileID: 0}
  m_NavMeshLayer: 0
  m_StaticEditorFlags: 0
  m_IsActive: 1
--- !u!1 &100030
GameObject:
  m_ObjectHideFlags: 1
  m_PrefabParentObject: {fileID: 0}
  m_PrefabInternal: {fileID: 100100000}
  serializedVersion: 5
  m_Component:
  - component: {fileID: 400030}
  m_Layer: 0
  m_Name: Bip01 Neck
  m_TagString: Untagged
  m_Icon: {fileID: 0}
  m_NavMeshLayer: 0
  m_StaticEditorFlags: 0
  m_IsActive: 1
--- !u!1 &100032
GameObject:
  m_ObjectHideFlags: 1
  m_PrefabParentObject: {fileID: 0}
  m_PrefabInternal: {fileID: 100100000}
  serializedVersion: 5
  m_Component:
  - component: {fileID: 400032}
  m_Layer: 0
  m_Name: Bip01 Head
  m_TagString: Untagged
  m_Icon: {fileID: 0}
  m_NavMeshLayer: 0
  m_StaticEditorFlags: 0
  m_IsActive: 1
--- !u!1 &100034
GameObject:
  m_ObjectHideFlags: 1
  m_PrefabParentObject: {fileID: 0}
  m_PrefabInternal: {fileID: 100100000}
  serializedVersion: 5
  m_Component:
  - component: {fileID: 400034}
  m_Layer: 0
  m_Name: Bone08
  m_TagString: Untagged
  m_Icon: {fileID: 0}
  m_NavMeshLayer: 0
  m_StaticEditorFlags: 0
  m_IsActive: 1
--- !u!1 &100036
GameObject:
  m_ObjectHideFlags: 1
  m_PrefabParentObject: {fileID: 0}
  m_PrefabInternal: {fileID: 100100000}
  serializedVersion: 5
  m_Component:
  - component: {fileID: 400036}
  m_Layer: 0
  m_Name: Bone09
  m_TagString: Untagged
  m_Icon: {fileID: 0}
  m_NavMeshLayer: 0
  m_StaticEditorFlags: 0
  m_IsActive: 1
--- !u!1 &100038
GameObject:
  m_ObjectHideFlags: 1
  m_PrefabParentObject: {fileID: 0}
  m_PrefabInternal: {fileID: 100100000}
  serializedVersion: 5
  m_Component:
  - component: {fileID: 400038}
  m_Layer: 0
  m_Name: Bone08(mirrored)
  m_TagString: Untagged
  m_Icon: {fileID: 0}
  m_NavMeshLayer: 0
  m_StaticEditorFlags: 0
  m_IsActive: 1
--- !u!1 &100040
GameObject:
  m_ObjectHideFlags: 1
  m_PrefabParentObject: {fileID: 0}
  m_PrefabInternal: {fileID: 100100000}
  serializedVersion: 5
  m_Component:
  - component: {fileID: 400040}
  m_Layer: 0
  m_Name: Bone09(mirrored)
  m_TagString: Untagged
  m_Icon: {fileID: 0}
  m_NavMeshLayer: 0
  m_StaticEditorFlags: 0
  m_IsActive: 1
--- !u!1 &100042
GameObject:
  m_ObjectHideFlags: 1
  m_PrefabParentObject: {fileID: 0}
  m_PrefabInternal: {fileID: 100100000}
  serializedVersion: 5
  m_Component:
  - component: {fileID: 400042}
  m_Layer: 0
  m_Name: Bip01 Ponytail2
  m_TagString: Untagged
  m_Icon: {fileID: 0}
  m_NavMeshLayer: 0
  m_StaticEditorFlags: 0
  m_IsActive: 1
--- !u!1 &100044
GameObject:
  m_ObjectHideFlags: 1
  m_PrefabParentObject: {fileID: 0}
  m_PrefabInternal: {fileID: 100100000}
  serializedVersion: 5
  m_Component:
  - component: {fileID: 400044}
  m_Layer: 0
  m_Name: Bip01 Ponytail1
  m_TagString: Untagged
  m_Icon: {fileID: 0}
  m_NavMeshLayer: 0
  m_StaticEditorFlags: 0
  m_IsActive: 1
--- !u!1 &100046
GameObject:
  m_ObjectHideFlags: 1
  m_PrefabParentObject: {fileID: 0}
  m_PrefabInternal: {fileID: 100100000}
  serializedVersion: 5
  m_Component:
  - component: {fileID: 400046}
  m_Layer: 0
  m_Name: Bip01 L Clavicle
  m_TagString: Untagged
  m_Icon: {fileID: 0}
  m_NavMeshLayer: 0
  m_StaticEditorFlags: 0
  m_IsActive: 1
--- !u!1 &100048
GameObject:
  m_ObjectHideFlags: 1
  m_PrefabParentObject: {fileID: 0}
  m_PrefabInternal: {fileID: 100100000}
  serializedVersion: 5
  m_Component:
  - component: {fileID: 400048}
  m_Layer: 0
  m_Name: Bip01 L UpperArm
  m_TagString: Untagged
  m_Icon: {fileID: 0}
  m_NavMeshLayer: 0
  m_StaticEditorFlags: 0
  m_IsActive: 1
--- !u!1 &100050
GameObject:
  m_ObjectHideFlags: 1
  m_PrefabParentObject: {fileID: 0}
  m_PrefabInternal: {fileID: 100100000}
  serializedVersion: 5
  m_Component:
  - component: {fileID: 400050}
  m_Layer: 0
  m_Name: Bip01 L Forearm
  m_TagString: Untagged
  m_Icon: {fileID: 0}
  m_NavMeshLayer: 0
  m_StaticEditorFlags: 0
  m_IsActive: 1
--- !u!1 &100052
GameObject:
  m_ObjectHideFlags: 1
  m_PrefabParentObject: {fileID: 0}
  m_PrefabInternal: {fileID: 100100000}
  serializedVersion: 5
  m_Component:
  - component: {fileID: 400052}
  m_Layer: 0
  m_Name: Bip01 L Hand
  m_TagString: Untagged
  m_Icon: {fileID: 0}
  m_NavMeshLayer: 0
  m_StaticEditorFlags: 0
  m_IsActive: 1
--- !u!1 &100054
GameObject:
  m_ObjectHideFlags: 1
  m_PrefabParentObject: {fileID: 0}
  m_PrefabInternal: {fileID: 100100000}
  serializedVersion: 5
  m_Component:
  - component: {fileID: 400054}
  m_Layer: 0
  m_Name: Bip01 L Finger0
  m_TagString: Untagged
  m_Icon: {fileID: 0}
  m_NavMeshLayer: 0
  m_StaticEditorFlags: 0
  m_IsActive: 1
--- !u!1 &100056
GameObject:
  m_ObjectHideFlags: 1
  m_PrefabParentObject: {fileID: 0}
  m_PrefabInternal: {fileID: 100100000}
  serializedVersion: 5
  m_Component:
  - component: {fileID: 400056}
  m_Layer: 0
  m_Name: Bip01 L Finger01
  m_TagString: Untagged
  m_Icon: {fileID: 0}
  m_NavMeshLayer: 0
  m_StaticEditorFlags: 0
  m_IsActive: 1
--- !u!1 &100058
GameObject:
  m_ObjectHideFlags: 1
  m_PrefabParentObject: {fileID: 0}
  m_PrefabInternal: {fileID: 100100000}
  serializedVersion: 5
  m_Component:
  - component: {fileID: 400058}
  m_Layer: 0
  m_Name: Bip01 L Finger1
  m_TagString: Untagged
  m_Icon: {fileID: 0}
  m_NavMeshLayer: 0
  m_StaticEditorFlags: 0
  m_IsActive: 1
--- !u!1 &100060
GameObject:
  m_ObjectHideFlags: 1
  m_PrefabParentObject: {fileID: 0}
  m_PrefabInternal: {fileID: 100100000}
  serializedVersion: 5
  m_Component:
  - component: {fileID: 400060}
  m_Layer: 0
  m_Name: Bip01 L Finger11
  m_TagString: Untagged
  m_Icon: {fileID: 0}
  m_NavMeshLayer: 0
  m_StaticEditorFlags: 0
  m_IsActive: 1
--- !u!1 &100062
GameObject:
  m_ObjectHideFlags: 1
  m_PrefabParentObject: {fileID: 0}
  m_PrefabInternal: {fileID: 100100000}
  serializedVersion: 5
  m_Component:
  - component: {fileID: 400062}
  m_Layer: 0
  m_Name: Bip01 L Finger2
  m_TagString: Untagged
  m_Icon: {fileID: 0}
  m_NavMeshLayer: 0
  m_StaticEditorFlags: 0
  m_IsActive: 1
--- !u!1 &100064
GameObject:
  m_ObjectHideFlags: 1
  m_PrefabParentObject: {fileID: 0}
  m_PrefabInternal: {fileID: 100100000}
  serializedVersion: 5
  m_Component:
  - component: {fileID: 400064}
  m_Layer: 0
  m_Name: Bip01 L Finger21
  m_TagString: Untagged
  m_Icon: {fileID: 0}
  m_NavMeshLayer: 0
  m_StaticEditorFlags: 0
  m_IsActive: 1
--- !u!1 &100066
GameObject:
  m_ObjectHideFlags: 1
  m_PrefabParentObject: {fileID: 0}
  m_PrefabInternal: {fileID: 100100000}
  serializedVersion: 5
  m_Component:
  - component: {fileID: 400066}
  m_Layer: 0
  m_Name: Bip01 L ForeTwist
  m_TagString: Untagged
  m_Icon: {fileID: 0}
  m_NavMeshLayer: 0
  m_StaticEditorFlags: 0
  m_IsActive: 1
--- !u!1 &100068
GameObject:
  m_ObjectHideFlags: 1
  m_PrefabParentObject: {fileID: 0}
  m_PrefabInternal: {fileID: 100100000}
  serializedVersion: 5
  m_Component:
  - component: {fileID: 400068}
  m_Layer: 0
  m_Name: Bip01 L ForeTwist1
  m_TagString: Untagged
  m_Icon: {fileID: 0}
  m_NavMeshLayer: 0
  m_StaticEditorFlags: 0
  m_IsActive: 1
--- !u!1 &100070
GameObject:
  m_ObjectHideFlags: 1
  m_PrefabParentObject: {fileID: 0}
  m_PrefabInternal: {fileID: 100100000}
  serializedVersion: 5
  m_Component:
  - component: {fileID: 400070}
  m_Layer: 0
  m_Name: Bip01 L ForeTwist2
  m_TagString: Untagged
  m_Icon: {fileID: 0}
  m_NavMeshLayer: 0
  m_StaticEditorFlags: 0
  m_IsActive: 1
--- !u!1 &100072
GameObject:
  m_ObjectHideFlags: 1
  m_PrefabParentObject: {fileID: 0}
  m_PrefabInternal: {fileID: 100100000}
  serializedVersion: 5
  m_Component:
  - component: {fileID: 400072}
  m_Layer: 0
  m_Name: Bip01 R Clavicle
  m_TagString: Untagged
  m_Icon: {fileID: 0}
  m_NavMeshLayer: 0
  m_StaticEditorFlags: 0
  m_IsActive: 1
--- !u!1 &100074
GameObject:
  m_ObjectHideFlags: 1
  m_PrefabParentObject: {fileID: 0}
  m_PrefabInternal: {fileID: 100100000}
  serializedVersion: 5
  m_Component:
  - component: {fileID: 400074}
  m_Layer: 0
  m_Name: Bip01 R UpperArm
  m_TagString: Untagged
  m_Icon: {fileID: 0}
  m_NavMeshLayer: 0
  m_StaticEditorFlags: 0
  m_IsActive: 1
--- !u!1 &100076
GameObject:
  m_ObjectHideFlags: 1
  m_PrefabParentObject: {fileID: 0}
  m_PrefabInternal: {fileID: 100100000}
  serializedVersion: 5
  m_Component:
  - component: {fileID: 400076}
  m_Layer: 0
  m_Name: Bip01 R Forearm
  m_TagString: Untagged
  m_Icon: {fileID: 0}
  m_NavMeshLayer: 0
  m_StaticEditorFlags: 0
  m_IsActive: 1
--- !u!1 &100078
GameObject:
  m_ObjectHideFlags: 1
  m_PrefabParentObject: {fileID: 0}
  m_PrefabInternal: {fileID: 100100000}
  serializedVersion: 5
  m_Component:
  - component: {fileID: 400078}
  m_Layer: 0
  m_Name: Bip01 R Hand
  m_TagString: Untagged
  m_Icon: {fileID: 0}
  m_NavMeshLayer: 0
  m_StaticEditorFlags: 0
  m_IsActive: 1
--- !u!1 &100080
GameObject:
  m_ObjectHideFlags: 1
  m_PrefabParentObject: {fileID: 0}
  m_PrefabInternal: {fileID: 100100000}
  serializedVersion: 5
  m_Component:
  - component: {fileID: 400080}
  m_Layer: 0
  m_Name: Bip01 R Finger0
  m_TagString: Untagged
  m_Icon: {fileID: 0}
  m_NavMeshLayer: 0
  m_StaticEditorFlags: 0
  m_IsActive: 1
--- !u!1 &100082
GameObject:
  m_ObjectHideFlags: 1
  m_PrefabParentObject: {fileID: 0}
  m_PrefabInternal: {fileID: 100100000}
  serializedVersion: 5
  m_Component:
  - component: {fileID: 400082}
  m_Layer: 0
  m_Name: Bip01 R Finger01
  m_TagString: Untagged
  m_Icon: {fileID: 0}
  m_NavMeshLayer: 0
  m_StaticEditorFlags: 0
  m_IsActive: 1
--- !u!1 &100084
GameObject:
  m_ObjectHideFlags: 1
  m_PrefabParentObject: {fileID: 0}
  m_PrefabInternal: {fileID: 100100000}
  serializedVersion: 5
  m_Component:
  - component: {fileID: 400084}
  m_Layer: 0
  m_Name: Bip01 R Finger1
  m_TagString: Untagged
  m_Icon: {fileID: 0}
  m_NavMeshLayer: 0
  m_StaticEditorFlags: 0
  m_IsActive: 1
--- !u!1 &100086
GameObject:
  m_ObjectHideFlags: 1
  m_PrefabParentObject: {fileID: 0}
  m_PrefabInternal: {fileID: 100100000}
  serializedVersion: 5
  m_Component:
  - component: {fileID: 400086}
  m_Layer: 0
  m_Name: Bip01 R Finger11
  m_TagString: Untagged
  m_Icon: {fileID: 0}
  m_NavMeshLayer: 0
  m_StaticEditorFlags: 0
  m_IsActive: 1
--- !u!1 &100088
GameObject:
  m_ObjectHideFlags: 1
  m_PrefabParentObject: {fileID: 0}
  m_PrefabInternal: {fileID: 100100000}
  serializedVersion: 5
  m_Component:
  - component: {fileID: 400088}
  m_Layer: 0
  m_Name: Bip01 R Finger2
  m_TagString: Untagged
  m_Icon: {fileID: 0}
  m_NavMeshLayer: 0
  m_StaticEditorFlags: 0
  m_IsActive: 1
--- !u!1 &100090
GameObject:
  m_ObjectHideFlags: 1
  m_PrefabParentObject: {fileID: 0}
  m_PrefabInternal: {fileID: 100100000}
  serializedVersion: 5
  m_Component:
  - component: {fileID: 400090}
  m_Layer: 0
  m_Name: Bip01 R Finger21
  m_TagString: Untagged
  m_Icon: {fileID: 0}
  m_NavMeshLayer: 0
  m_StaticEditorFlags: 0
  m_IsActive: 1
--- !u!1 &100092
GameObject:
  m_ObjectHideFlags: 1
  m_PrefabParentObject: {fileID: 0}
  m_PrefabInternal: {fileID: 100100000}
  serializedVersion: 5
  m_Component:
  - component: {fileID: 400092}
  m_Layer: 0
  m_Name: Bip01 R ForeTwist
  m_TagString: Untagged
  m_Icon: {fileID: 0}
  m_NavMeshLayer: 0
  m_StaticEditorFlags: 0
  m_IsActive: 1
--- !u!1 &100094
GameObject:
  m_ObjectHideFlags: 1
  m_PrefabParentObject: {fileID: 0}
  m_PrefabInternal: {fileID: 100100000}
  serializedVersion: 5
  m_Component:
  - component: {fileID: 400094}
  m_Layer: 0
  m_Name: Bip01 R ForeTwist1
  m_TagString: Untagged
  m_Icon: {fileID: 0}
  m_NavMeshLayer: 0
  m_StaticEditorFlags: 0
  m_IsActive: 1
--- !u!1 &100096
GameObject:
  m_ObjectHideFlags: 1
  m_PrefabParentObject: {fileID: 0}
  m_PrefabInternal: {fileID: 100100000}
  serializedVersion: 5
  m_Component:
  - component: {fileID: 400096}
  m_Layer: 0
  m_Name: Bip01 R ForeTwist2
  m_TagString: Untagged
  m_Icon: {fileID: 0}
  m_NavMeshLayer: 0
  m_StaticEditorFlags: 0
  m_IsActive: 1
--- !u!1 &100098
GameObject:
  m_ObjectHideFlags: 1
  m_PrefabParentObject: {fileID: 0}
  m_PrefabInternal: {fileID: 100100000}
  serializedVersion: 5
  m_Component:
  - component: {fileID: 400098}
  m_Layer: 0
  m_Name: Bone01
  m_TagString: Untagged
  m_Icon: {fileID: 0}
  m_NavMeshLayer: 0
  m_StaticEditorFlags: 0
  m_IsActive: 1
--- !u!1 &100100
GameObject:
  m_ObjectHideFlags: 1
  m_PrefabParentObject: {fileID: 0}
  m_PrefabInternal: {fileID: 100100000}
  serializedVersion: 5
  m_Component:
  - component: {fileID: 400100}
  m_Layer: 0
  m_Name: Bone02
  m_TagString: Untagged
  m_Icon: {fileID: 0}
  m_NavMeshLayer: 0
  m_StaticEditorFlags: 0
  m_IsActive: 1
--- !u!1 &100102
GameObject:
  m_ObjectHideFlags: 1
  m_PrefabParentObject: {fileID: 0}
  m_PrefabInternal: {fileID: 100100000}
  serializedVersion: 5
  m_Component:
  - component: {fileID: 400102}
  m_Layer: 0
  m_Name: Bone03
  m_TagString: Untagged
  m_Icon: {fileID: 0}
  m_NavMeshLayer: 0
  m_StaticEditorFlags: 0
  m_IsActive: 1
--- !u!1 &100104
GameObject:
  m_ObjectHideFlags: 1
  m_PrefabParentObject: {fileID: 0}
  m_PrefabInternal: {fileID: 100100000}
  serializedVersion: 5
  m_Component:
  - component: {fileID: 400104}
  m_Layer: 0
  m_Name: Bone04
  m_TagString: Untagged
  m_Icon: {fileID: 0}
  m_NavMeshLayer: 0
  m_StaticEditorFlags: 0
  m_IsActive: 1
--- !u!1 &100106
GameObject:
  m_ObjectHideFlags: 1
  m_PrefabParentObject: {fileID: 0}
  m_PrefabInternal: {fileID: 100100000}
  serializedVersion: 5
  m_Component:
  - component: {fileID: 400106}
  m_Layer: 0
  m_Name: Bone05
  m_TagString: Untagged
  m_Icon: {fileID: 0}
  m_NavMeshLayer: 0
  m_StaticEditorFlags: 0
  m_IsActive: 1
--- !u!1 &100108
GameObject:
  m_ObjectHideFlags: 1
  m_PrefabParentObject: {fileID: 0}
  m_PrefabInternal: {fileID: 100100000}
  serializedVersion: 5
  m_Component:
  - component: {fileID: 400108}
  m_Layer: 0
  m_Name: Bone06
  m_TagString: Untagged
  m_Icon: {fileID: 0}
  m_NavMeshLayer: 0
  m_StaticEditorFlags: 0
  m_IsActive: 1
--- !u!1 &100110
GameObject:
  m_ObjectHideFlags: 1
  m_PrefabParentObject: {fileID: 0}
  m_PrefabInternal: {fileID: 100100000}
  serializedVersion: 5
  m_Component:
  - component: {fileID: 400110}
  m_Layer: 0
  m_Name: Bone07
  m_TagString: Untagged
  m_Icon: {fileID: 0}
  m_NavMeshLayer: 0
  m_StaticEditorFlags: 0
  m_IsActive: 1
--- !u!1 &100112
GameObject:
  m_ObjectHideFlags: 0
  m_PrefabParentObject: {fileID: 0}
  m_PrefabInternal: {fileID: 100100000}
  serializedVersion: 5
  m_Component:
  - component: {fileID: 400112}
  - component: {fileID: 13700006}
  m_Layer: 0
  m_Name: head_05
  m_TagString: Untagged
  m_Icon: {fileID: 0}
  m_NavMeshLayer: 0
  m_StaticEditorFlags: 0
  m_IsActive: 1
--- !u!1 &100114
GameObject:
  m_ObjectHideFlags: 0
  m_PrefabParentObject: {fileID: 0}
  m_PrefabInternal: {fileID: 100100000}
  serializedVersion: 5
  m_Component:
  - component: {fileID: 400114}
  - component: {fileID: 11100000}
  m_Layer: 0
  m_Name: princess_anim_05_Prefab
  m_TagString: Untagged
  m_Icon: {fileID: 0}
  m_NavMeshLayer: 0
  m_StaticEditorFlags: 0
  m_IsActive: 1
--- !u!4 &400000
Transform:
  m_ObjectHideFlags: 1
  m_PrefabParentObject: {fileID: 0}
  m_PrefabInternal: {fileID: 100100000}
  m_GameObject: {fileID: 100000}
  m_LocalRotation: {x: -0.7071068, y: 0, z: -0, w: 0.7071068}
  m_LocalPosition: {x: -0.00350125, y: 0, z: 0}
  m_LocalScale: {x: 1, y: 1, z: 1}
  m_Children: []
  m_Father: {fileID: 400114}
  m_RootOrder: 1
  m_LocalEulerAnglesHint: {x: 0, y: 0, z: 0}
--- !u!4 &400002
Transform:
  m_ObjectHideFlags: 1
  m_PrefabParentObject: {fileID: 0}
  m_PrefabInternal: {fileID: 100100000}
  m_GameObject: {fileID: 100002}
  m_LocalRotation: {x: -0.7071068, y: 0, z: -0, w: 0.7071068}
  m_LocalPosition: {x: -0.00350125, y: 0, z: 0}
  m_LocalScale: {x: 1, y: 1, z: 1}
  m_Children: []
  m_Father: {fileID: 400114}
  m_RootOrder: 2
  m_LocalEulerAnglesHint: {x: 0, y: 0, z: 0}
--- !u!4 &400004
Transform:
  m_ObjectHideFlags: 1
  m_PrefabParentObject: {fileID: 0}
  m_PrefabInternal: {fileID: 100100000}
  m_GameObject: {fileID: 100004}
  m_LocalRotation: {x: -0.7071068, y: 0, z: -0, w: 0.7071068}
  m_LocalPosition: {x: -0.00350125, y: 0, z: 0}
  m_LocalScale: {x: 1, y: 1, z: 1}
  m_Children: []
  m_Father: {fileID: 400114}
  m_RootOrder: 4
  m_LocalEulerAnglesHint: {x: 0, y: 0, z: 0}
--- !u!4 &400006
Transform:
  m_ObjectHideFlags: 1
  m_PrefabParentObject: {fileID: 0}
  m_PrefabInternal: {fileID: 100100000}
  m_GameObject: {fileID: 100006}
  m_LocalRotation: {x: -0.5, y: 0.5, z: 0.5, w: 0.5}
  m_LocalPosition: {x: 0, y: 1.0494049, z: 0.000000045786617}
  m_LocalScale: {x: 0.99999994, y: 0.99999994, z: 1}
  m_Children:
  - {fileID: 400008}
  m_Father: {fileID: 400114}
  m_RootOrder: 0
  m_LocalEulerAnglesHint: {x: 0, y: 0, z: 0}
--- !u!4 &400008
Transform:
  m_ObjectHideFlags: 1
  m_PrefabParentObject: {fileID: 0}
  m_PrefabInternal: {fileID: 100100000}
  m_GameObject: {fileID: 100008}
  m_LocalRotation: {x: -0.4999997, y: 0.50000036, z: 0.4999997, w: 0.50000036}
  m_LocalPosition: {x: -0, y: 0, z: 0}
  m_LocalScale: {x: 1, y: 0.9999998, z: 0.9999998}
  m_Children:
  - {fileID: 400010}
  - {fileID: 400098}
  m_Father: {fileID: 400006}
  m_RootOrder: 0
  m_LocalEulerAnglesHint: {x: 0, y: 0, z: 0}
--- !u!4 &400010
Transform:
  m_ObjectHideFlags: 1
  m_PrefabParentObject: {fileID: 0}
  m_PrefabInternal: {fileID: 100100000}
  m_GameObject: {fileID: 100010}
  m_LocalRotation: {x: -0.0000021454823, y: 0.00000071611004, z: -0.000398159, w: 0.99999994}
  m_LocalPosition: {x: -0.047404885, y: -0.00008451105, z: 0.00000006585819}
  m_LocalScale: {x: 1, y: 0.9999999, z: 0.9999998}
  m_Children:
  - {fileID: 400012}
  - {fileID: 400020}
  - {fileID: 400028}
  m_Father: {fileID: 400008}
  m_RootOrder: 0
  m_LocalEulerAnglesHint: {x: 0, y: 0, z: 0}
--- !u!4 &400012
Transform:
  m_ObjectHideFlags: 1
  m_PrefabParentObject: {fileID: 0}
  m_PrefabInternal: {fileID: 100100000}
  m_GameObject: {fileID: 100012}
  m_LocalRotation: {x: -0.06334455, y: 0.99799174, z: 0.0000013991175, w: 0.00000015009358}
  m_LocalPosition: {x: 0.047404528, y: 0.00012217148, z: 0.048543695}
  m_LocalScale: {x: 1, y: 1, z: 0.9999999}
  m_Children:
  - {fileID: 400014}
  m_Father: {fileID: 400010}
  m_RootOrder: 0
  m_LocalEulerAnglesHint: {x: 0, y: 0, z: 0}
--- !u!4 &400014
Transform:
  m_ObjectHideFlags: 1
  m_PrefabParentObject: {fileID: 0}
  m_PrefabInternal: {fileID: 100100000}
  m_GameObject: {fileID: 100014}
  m_LocalRotation: {x: 3.714692e-14, y: 6.0570764e-14, z: 0.093237445, w: 0.9956439}
  m_LocalPosition: {x: -0.4174416, y: 0, z: 0}
  m_LocalScale: {x: 0.9999999, y: 0.9999999, z: 0.99999994}
  m_Children:
  - {fileID: 400016}
  m_Father: {fileID: 400012}
  m_RootOrder: 0
  m_LocalEulerAnglesHint: {x: 0, y: 0, z: 0}
--- !u!4 &400016
Transform:
  m_ObjectHideFlags: 1
  m_PrefabParentObject: {fileID: 0}
  m_PrefabInternal: {fileID: 100100000}
  m_GameObject: {fileID: 100016}
  m_LocalRotation: {x: 6.6225037e-10, y: -0.000000044126157, z: -0.015148011, w: 0.99988526}
  m_LocalPosition: {x: -0.520407, y: 0.000000004656613, z: 0.000000007450581}
  m_LocalScale: {x: 0.99999994, y: 0.99999994, z: 0.99999976}
  m_Children:
  - {fileID: 400018}
  m_Father: {fileID: 400014}
  m_RootOrder: 0
  m_LocalEulerAnglesHint: {x: 0, y: 0, z: 0}
--- !u!4 &400018
Transform:
  m_ObjectHideFlags: 1
  m_PrefabParentObject: {fileID: 0}
  m_PrefabInternal: {fileID: 100100000}
  m_GameObject: {fileID: 100018}
  m_LocalRotation: {x: -1.7085729e-10, y: -1.6883071e-10, z: -0.71098, w: 0.7032123}
  m_LocalPosition: {x: -0.10200947, y: 0.07696734, z: 0.000000007450581}
  m_LocalScale: {x: 0.99999976, y: 0.99999976, z: 1}
  m_Children: []
  m_Father: {fileID: 400016}
  m_RootOrder: 0
  m_LocalEulerAnglesHint: {x: 0, y: 0, z: 0}
--- !u!4 &400020
Transform:
  m_ObjectHideFlags: 1
  m_PrefabParentObject: {fileID: 0}
  m_PrefabInternal: {fileID: 100100000}
  m_GameObject: {fileID: 100020}
  m_LocalRotation: {x: -0.06334455, y: 0.99799174, z: 0.000001384015, w: -0.00000008784618}
  m_LocalPosition: {x: 0.047404766, y: 0.0001224408, z: -0.04854368}
  m_LocalScale: {x: 1, y: 1, z: 0.9999999}
  m_Children:
  - {fileID: 400022}
  m_Father: {fileID: 400010}
  m_RootOrder: 1
  m_LocalEulerAnglesHint: {x: 0, y: 0, z: 0}
--- !u!4 &400022
Transform:
  m_ObjectHideFlags: 1
  m_PrefabParentObject: {fileID: 0}
  m_PrefabInternal: {fileID: 100100000}
  m_GameObject: {fileID: 100022}
  m_LocalRotation: {x: 7.605654e-14, y: 6.421447e-14, z: 0.093237445, w: 0.9956439}
  m_LocalPosition: {x: -0.4174416, y: 0.000000014901161, z: 0.0000000037252903}
  m_LocalScale: {x: 0.9999999, y: 0.9999999, z: 1}
  m_Children:
  - {fileID: 400024}
  m_Father: {fileID: 400020}
  m_RootOrder: 0
  m_LocalEulerAnglesHint: {x: 0, y: 0, z: 0}
--- !u!4 &400024
Transform:
  m_ObjectHideFlags: 1
  m_PrefabParentObject: {fileID: 0}
  m_PrefabInternal: {fileID: 100100000}
  m_GameObject: {fileID: 100024}
  m_LocalRotation: {x: -0.0000000010049034, y: -0.00000006633962, z: -0.015148105,
    w: 0.99988526}
  m_LocalPosition: {x: -0.52040696, y: 0.0000000037252903, z: -0.000000011175871}
  m_LocalScale: {x: 1.0000001, y: 1.0000001, z: 1}
  m_Children:
  - {fileID: 400026}
  m_Father: {fileID: 400022}
  m_RootOrder: 0
  m_LocalEulerAnglesHint: {x: 0, y: 0, z: 0}
--- !u!4 &400026
Transform:
  m_ObjectHideFlags: 1
  m_PrefabParentObject: {fileID: 0}
  m_PrefabInternal: {fileID: 100100000}
  m_GameObject: {fileID: 100026}
  m_LocalRotation: {x: -1.707047e-10, y: -1.6883968e-10, z: -0.71098, w: 0.70321226}
  m_LocalPosition: {x: -0.10200945, y: 0.07696733, z: 0.000000007450581}
  m_LocalScale: {x: 0.9999998, y: 0.9999998, z: 0.99999994}
  m_Children: []
  m_Father: {fileID: 400024}
  m_RootOrder: 0
  m_LocalEulerAnglesHint: {x: 0, y: 0, z: 0}
--- !u!4 &400028
Transform:
  m_ObjectHideFlags: 1
  m_PrefabParentObject: {fileID: 0}
  m_PrefabInternal: {fileID: 100100000}
  m_GameObject: {fileID: 100028}
  m_LocalRotation: {x: -7.1054274e-15, y: -2.0679515e-25, z: 2.910383e-11, w: 1}
  m_LocalPosition: {x: -0.10619283, y: -0.000108587556, z: -3.0127012e-10}
  m_LocalScale: {x: 1, y: 1, z: 0.9999999}
  m_Children:
  - {fileID: 400030}
  m_Father: {fileID: 400010}
  m_RootOrder: 2
  m_LocalEulerAnglesHint: {x: 0, y: 0, z: 0}
--- !u!4 &400030
Transform:
  m_ObjectHideFlags: 1
  m_PrefabParentObject: {fileID: 0}
  m_PrefabInternal: {fileID: 100100000}
  m_GameObject: {fileID: 100030}
  m_LocalRotation: {x: 4.9793503e-14, y: 0, z: -0, w: 1}
  m_LocalPosition: {x: -0.19383991, y: -0.04669898, z: -0.000000063577204}
  m_LocalScale: {x: 1, y: 1, z: 1}
  m_Children:
  - {fileID: 400032}
  - {fileID: 400046}
  - {fileID: 400072}
  m_Father: {fileID: 400028}
  m_RootOrder: 0
  m_LocalEulerAnglesHint: {x: 0, y: 0, z: 0}
--- !u!4 &400032
Transform:
  m_ObjectHideFlags: 1
  m_PrefabParentObject: {fileID: 0}
  m_PrefabInternal: {fileID: 100100000}
  m_GameObject: {fileID: 100032}
  m_LocalRotation: {x: 8.4642844e-14, y: -5.77659e-14, z: -0.010858474, w: 0.99994105}
  m_LocalPosition: {x: -0.043804884, y: 0, z: 0}
  m_LocalScale: {x: 1.0000004, y: 1.0000004, z: 1}
  m_Children:
  - {fileID: 400044}
  - {fileID: 400042}
  - {fileID: 400034}
  - {fileID: 400038}
  m_Father: {fileID: 400030}
  m_RootOrder: 0
  m_LocalEulerAnglesHint: {x: 0, y: 0, z: 0}
--- !u!4 &400034
Transform:
  m_ObjectHideFlags: 1
  m_PrefabParentObject: {fileID: 0}
  m_PrefabInternal: {fileID: 100100000}
  m_GameObject: {fileID: 100034}
  m_LocalRotation: {x: 0.9290526, y: -0.20946246, z: -0.20450135, w: -0.22619893}
  m_LocalPosition: {x: -0.104465246, y: 0.09040621, z: 0.032459617}
  m_LocalScale: {x: 1.0000004, y: 0.9999999, z: 1.0000001}
  m_Children:
  - {fileID: 400036}
  m_Father: {fileID: 400032}
  m_RootOrder: 2
  m_LocalEulerAnglesHint: {x: 0, y: 0, z: 0}
--- !u!4 &400036
Transform:
  m_ObjectHideFlags: 1
  m_PrefabParentObject: {fileID: 0}
  m_PrefabInternal: {fileID: 100100000}
  m_GameObject: {fileID: 100036}
  m_LocalRotation: {x: -0.0000000074505815, y: 0.000000007450581, z: -0.000000014901161,
    w: 1}
  m_LocalPosition: {x: -0.034386158, y: -0.0000031590462, z: -0.000000029802322}
  m_LocalScale: {x: 1, y: 0.9999999, z: 1}
  m_Children: []
  m_Father: {fileID: 400034}
  m_RootOrder: 0
  m_LocalEulerAnglesHint: {x: 0, y: 0, z: 0}
--- !u!4 &400038
Transform:
  m_ObjectHideFlags: 1
  m_PrefabParentObject: {fileID: 0}
  m_PrefabInternal: {fileID: 100100000}
  m_GameObject: {fileID: 100038}
  m_LocalRotation: {x: -0.23352797, y: -0.20588629, z: -0.18710907, w: 0.93170047}
  m_LocalPosition: {x: -0.10446513, y: 0.090406284, z: -0.03270805}
  m_LocalScale: {x: 0.9999997, y: 1.0000002, z: 1.0000002}
  m_Children:
  - {fileID: 400040}
  m_Father: {fileID: 400032}
  m_RootOrder: 3
  m_LocalEulerAnglesHint: {x: 0, y: 0, z: 0}
--- !u!4 &400040
Transform:
  m_ObjectHideFlags: 1
  m_PrefabParentObject: {fileID: 0}
  m_PrefabInternal: {fileID: 100100000}
  m_GameObject: {fileID: 100040}
  m_LocalRotation: {x: 0.00000023841864, y: 0.000000029802333, z: 0.000000014901158,
    w: 1}
  m_LocalPosition: {x: -0.034386158, y: 0.0000030398369, z: 0.0000002682209}
  m_LocalScale: {x: 0.99999976, y: 0.9999997, z: 0.9999999}
  m_Children: []
  m_Father: {fileID: 400038}
  m_RootOrder: 0
  m_LocalEulerAnglesHint: {x: 0, y: 0, z: 0}
--- !u!4 &400042
Transform:
  m_ObjectHideFlags: 1
  m_PrefabParentObject: {fileID: 0}
  m_PrefabInternal: {fileID: 100100000}
  m_GameObject: {fileID: 100042}
  m_LocalRotation: {x: 0.000000025394693, y: 0.0000023840507, z: -0.8063454, w: 0.5914449}
  m_LocalPosition: {x: -0.026316643, y: 0.08408914, z: 0.000000035894345}
  m_LocalScale: {x: 0.9999999, y: 0.9999998, z: 1}
  m_Children: []
  m_Father: {fileID: 400032}
  m_RootOrder: 1
  m_LocalEulerAnglesHint: {x: 0, y: 0, z: 0}
--- !u!4 &400044
Transform:
  m_ObjectHideFlags: 1
  m_PrefabParentObject: {fileID: 0}
  m_PrefabInternal: {fileID: 100100000}
  m_GameObject: {fileID: 100044}
  m_LocalRotation: {x: -0.000000025255282, y: 0.000002197966, z: -0.75172925, w: 0.6594719}
  m_LocalPosition: {x: -0.038939953, y: 0.09087007, z: 0.00000004500771}
  m_LocalScale: {x: 0.99999994, y: 0.99999994, z: 1}
  m_Children: []
  m_Father: {fileID: 400032}
  m_RootOrder: 0
  m_LocalEulerAnglesHint: {x: 0, y: 0, z: 0}
--- !u!4 &400046
Transform:
  m_ObjectHideFlags: 1
  m_PrefabParentObject: {fileID: 0}
  m_PrefabInternal: {fileID: 100100000}
  m_GameObject: {fileID: 100046}
  m_LocalRotation: {x: 0.70710677, y: 0.00028151006, z: -0.70710677, w: 0.00028151006}
  m_LocalPosition: {x: 0.05120647, y: -0.017784588, z: 0.041237425}
  m_LocalScale: {x: 1, y: 1.0000001, z: 1}
  m_Children:
  - {fileID: 400048}
  m_Father: {fileID: 400030}
  m_RootOrder: 1
  m_LocalEulerAnglesHint: {x: 0, y: 0, z: 0}
--- !u!4 &400048
Transform:
  m_ObjectHideFlags: 1
  m_PrefabParentObject: {fileID: 0}
  m_PrefabInternal: {fileID: 100100000}
  m_GameObject: {fileID: 100048}
  m_LocalRotation: {x: 0.0060836826, y: -0.015558598, z: -0.0026106406, w: 0.99985707}
  m_LocalPosition: {x: -0.083400935, y: 0, z: 0}
  m_LocalScale: {x: 0.9999998, y: 1.0000002, z: 1.0000001}
  m_Children:
  - {fileID: 400050}
  - {fileID: 400066}
  m_Father: {fileID: 400046}
  m_RootOrder: 0
  m_LocalEulerAnglesHint: {x: 0, y: 0, z: 0}
--- !u!4 &400050
Transform:
  m_ObjectHideFlags: 1
  m_PrefabParentObject: {fileID: 0}
  m_PrefabInternal: {fileID: 100100000}
  m_GameObject: {fileID: 100050}
  m_LocalRotation: {x: -4.6564616e-10, y: -3.7568425e-12, z: 0.008067758, w: 0.99996746}
  m_LocalPosition: {x: -0.25614193, y: 0.000000007450581, z: 0.00000011920929}
  m_LocalScale: {x: 1.0000001, y: 0.99999994, z: 1}
  m_Children:
  - {fileID: 400052}
  m_Father: {fileID: 400048}
  m_RootOrder: 0
  m_LocalEulerAnglesHint: {x: 0, y: 0, z: 0}
--- !u!4 &400052
Transform:
  m_ObjectHideFlags: 1
  m_PrefabParentObject: {fileID: 0}
  m_PrefabInternal: {fileID: 100100000}
  m_GameObject: {fileID: 100052}
  m_LocalRotation: {x: -0.70682526, y: 0.00014064962, z: -0.00014111212, w: 0.7073882}
  m_LocalPosition: {x: -0.24707776, y: -0.000000029802322, z: 0.00000023841858}
  m_LocalScale: {x: 1.0000002, y: 1.0000004, z: 1.0000005}
  m_Children:
  - {fileID: 400054}
  - {fileID: 400058}
  - {fileID: 400062}
  m_Father: {fileID: 400050}
  m_RootOrder: 0
  m_LocalEulerAnglesHint: {x: 0, y: 0, z: 0}
--- !u!4 &400054
Transform:
  m_ObjectHideFlags: 1
  m_PrefabParentObject: {fileID: 0}
  m_PrefabInternal: {fileID: 100100000}
  m_GameObject: {fileID: 100054}
  m_LocalRotation: {x: 0.58352345, y: -0.1838202, z: 0.011236292, w: 0.79093885}
  m_LocalPosition: {x: -0.04121256, y: 0.0054967403, z: -0.044535987}
  m_LocalScale: {x: 1, y: 0.99999976, z: 1}
  m_Children:
  - {fileID: 400056}
  m_Father: {fileID: 400052}
  m_RootOrder: 0
  m_LocalEulerAnglesHint: {x: 0, y: 0, z: 0}
--- !u!4 &400056
Transform:
  m_ObjectHideFlags: 1
  m_PrefabParentObject: {fileID: 0}
  m_PrefabInternal: {fileID: 100100000}
  m_GameObject: {fileID: 100056}
  m_LocalRotation: {x: 0.000000015659358, y: 0.000000021827262, z: -0.03431373, w: 0.9994111}
  m_LocalPosition: {x: -0.038109154, y: 0.000000059604645, z: 0.00000035762787}
  m_LocalScale: {x: 1.0000001, y: 1, z: 1.0000001}
  m_Children: []
  m_Father: {fileID: 400054}
  m_RootOrder: 0
  m_LocalEulerAnglesHint: {x: 0, y: 0, z: 0}
--- !u!4 &400058
Transform:
  m_ObjectHideFlags: 1
  m_PrefabParentObject: {fileID: 0}
  m_PrefabInternal: {fileID: 100100000}
  m_GameObject: {fileID: 100058}
  m_LocalRotation: {x: -0.0011353297, y: -0.005952721, z: -0.12443908, w: 0.9922088}
  m_LocalPosition: {x: -0.09290421, y: 0.005302787, z: -0.02874998}
  m_LocalScale: {x: 1, y: 0.99999976, z: 0.9999999}
  m_Children:
  - {fileID: 400060}
  m_Father: {fileID: 400052}
  m_RootOrder: 1
  m_LocalEulerAnglesHint: {x: 0, y: 0, z: 0}
--- !u!4 &400060
Transform:
  m_ObjectHideFlags: 1
  m_PrefabParentObject: {fileID: 0}
  m_PrefabInternal: {fileID: 100100000}
  m_GameObject: {fileID: 100060}
  m_LocalRotation: {x: -4.1844257e-11, y: -5.8057065e-10, z: -0.07188788, w: 0.99741274}
  m_LocalPosition: {x: -0.035443038, y: 0, z: 0.0000000037252903}
  m_LocalScale: {x: 0.99999994, y: 0.9999998, z: 0.99999964}
  m_Children: []
  m_Father: {fileID: 400058}
  m_RootOrder: 0
  m_LocalEulerAnglesHint: {x: 0, y: 0, z: 0}
--- !u!4 &400062
Transform:
  m_ObjectHideFlags: 1
  m_PrefabParentObject: {fileID: 0}
  m_PrefabInternal: {fileID: 100100000}
  m_GameObject: {fileID: 100062}
  m_LocalRotation: {x: -0.006476036, y: 0.015732512, z: -0.19083442, w: 0.9814748}
  m_LocalPosition: {x: -0.09391016, y: 0.0011920929, z: 0.00723204}
  m_LocalScale: {x: 0.99999994, y: 1, z: 1.0000001}
  m_Children:
  - {fileID: 400064}
  m_Father: {fileID: 400052}
  m_RootOrder: 2
  m_LocalEulerAnglesHint: {x: 0, y: 0, z: 0}
--- !u!4 &400064
Transform:
  m_ObjectHideFlags: 1
  m_PrefabParentObject: {fileID: 0}
  m_PrefabInternal: {fileID: 100100000}
  m_GameObject: {fileID: 100064}
  m_LocalRotation: {x: 2.3283056e-10, y: -3.4924597e-10, z: -0.000000014901161, w: 1}
  m_LocalPosition: {x: -0.037397742, y: 0.00000011920929, z: 0.000000011175871}
  m_LocalScale: {x: 1, y: 1.0000004, z: 1.0000004}
  m_Children: []
  m_Father: {fileID: 400062}
  m_RootOrder: 0
  m_LocalEulerAnglesHint: {x: 0, y: 0, z: 0}
--- !u!4 &400066
Transform:
  m_ObjectHideFlags: 1
  m_PrefabParentObject: {fileID: 0}
  m_PrefabInternal: {fileID: 100100000}
  m_GameObject: {fileID: 100066}
  m_LocalRotation: {x: 0.00009954536, y: 0.00000080313396, z: 0.008067758, w: 0.99996746}
  m_LocalPosition: {x: -0.25614193, y: 0.000000007450581, z: 0.00000011920929}
  m_LocalScale: {x: 1.0000001, y: 1.0000001, z: 1}
  m_Children:
  - {fileID: 400068}
  m_Father: {fileID: 400048}
  m_RootOrder: 1
  m_LocalEulerAnglesHint: {x: 0, y: 0, z: 0}
--- !u!4 &400068
Transform:
  m_ObjectHideFlags: 1
  m_PrefabParentObject: {fileID: 0}
  m_PrefabInternal: {fileID: 100100000}
  m_GameObject: {fileID: 100068}
  m_LocalRotation: {x: 0.000099549055, y: 0.0000000018626273, z: -1.7480836e-10, w: 1}
  m_LocalPosition: {x: -0.082359284, y: 0, z: 0}
  m_LocalScale: {x: 1.0000002, y: 1.0000001, z: 1.0000002}
  m_Children:
  - {fileID: 400070}
  m_Father: {fileID: 400066}
  m_RootOrder: 0
  m_LocalEulerAnglesHint: {x: 0, y: 0, z: 0}
--- !u!4 &400070
Transform:
  m_ObjectHideFlags: 1
  m_PrefabParentObject: {fileID: 0}
  m_PrefabInternal: {fileID: 100100000}
  m_GameObject: {fileID: 100070}
  m_LocalRotation: {x: 0.00009954768, y: 0.0000000018626451, z: -1.85422e-13, w: 1}
  m_LocalPosition: {x: -0.082359254, y: 0.000000014901161, z: 0.00000011920929}
  m_LocalScale: {x: 1, y: 0.99999994, z: 0.9999998}
  m_Children: []
  m_Father: {fileID: 400068}
  m_RootOrder: 0
  m_LocalEulerAnglesHint: {x: 0, y: 0, z: 0}
--- !u!4 &400072
Transform:
  m_ObjectHideFlags: 1
  m_PrefabParentObject: {fileID: 0}
  m_PrefabInternal: {fileID: 100100000}
  m_GameObject: {fileID: 100072}
  m_LocalRotation: {x: 0.70710677, y: 0.00028151006, z: 0.70710677, w: -0.00028151006}
  m_LocalPosition: {x: 0.05120647, y: -0.017784365, z: -0.041237656}
  m_LocalScale: {x: 1, y: 1.0000001, z: 1}
  m_Children:
  - {fileID: 400074}
  m_Father: {fileID: 400030}
  m_RootOrder: 2
  m_LocalEulerAnglesHint: {x: 0, y: 0, z: 0}
--- !u!4 &400074
Transform:
  m_ObjectHideFlags: 1
  m_PrefabParentObject: {fileID: 0}
  m_PrefabInternal: {fileID: 100100000}
  m_GameObject: {fileID: 100074}
  m_LocalRotation: {x: -0.006082826, y: 0.015559018, z: -0.0025646312, w: 0.9998572}
  m_LocalPosition: {x: -0.083400935, y: 0, z: 0}
  m_LocalScale: {x: 1, y: 1, z: 1}
  m_Children:
  - {fileID: 400076}
  - {fileID: 400092}
  m_Father: {fileID: 400072}
  m_RootOrder: 0
  m_LocalEulerAnglesHint: {x: 0, y: 0, z: 0}
--- !u!4 &400076
Transform:
  m_ObjectHideFlags: 1
  m_PrefabParentObject: {fileID: 0}
  m_PrefabInternal: {fileID: 100100000}
  m_GameObject: {fileID: 100076}
  m_LocalRotation: {x: 4.6564672e-10, y: 3.675133e-12, z: 0.00789229, w: 0.9999689}
  m_LocalPosition: {x: -0.25614184, y: 0, z: 0.00000011920929}
  m_LocalScale: {x: 1, y: 1.0000002, z: 1}
  m_Children:
  - {fileID: 400078}
  m_Father: {fileID: 400074}
  m_RootOrder: 0
  m_LocalEulerAnglesHint: {x: 0, y: 0, z: 0}
--- !u!4 &400078
Transform:
  m_ObjectHideFlags: 1
  m_PrefabParentObject: {fileID: 0}
  m_PrefabInternal: {fileID: 100100000}
  m_GameObject: {fileID: 100078}
  m_LocalRotation: {x: 0.70682526, y: -0.00008220039, z: -0.00008260318, w: 0.7073883}
  m_LocalPosition: {x: -0.24707752, y: -0.000000014901161, z: -0.00000011920929}
  m_LocalScale: {x: 0.99999994, y: 1, z: 1}
  m_Children:
  - {fileID: 400080}
  - {fileID: 400084}
  - {fileID: 400088}
  m_Father: {fileID: 400076}
  m_RootOrder: 0
  m_LocalEulerAnglesHint: {x: 0, y: 0, z: 0}
--- !u!4 &400080
Transform:
  m_ObjectHideFlags: 1
  m_PrefabParentObject: {fileID: 0}
  m_PrefabInternal: {fileID: 100100000}
  m_GameObject: {fileID: 100080}
  m_LocalRotation: {x: -0.5835235, y: 0.18382007, z: 0.011236179, w: 0.79093885}
  m_LocalPosition: {x: -0.0412125, y: 0.0054968596, z: 0.044535987}
  m_LocalScale: {x: 0.99999994, y: 0.9999998, z: 0.99999994}
  m_Children:
  - {fileID: 400082}
  m_Father: {fileID: 400078}
  m_RootOrder: 0
  m_LocalEulerAnglesHint: {x: 0, y: 0, z: 0}
--- !u!4 &400082
Transform:
  m_ObjectHideFlags: 1
  m_PrefabParentObject: {fileID: 0}
  m_PrefabInternal: {fileID: 100100000}
  m_GameObject: {fileID: 100082}
  m_LocalRotation: {x: 0.00000002876214, y: -0.000000030807403, z: -0.03431372, w: 0.9994111}
  m_LocalPosition: {x: -0.038109094, y: 0.000000029802322, z: 0.00000011920929}
  m_LocalScale: {x: 0.9999999, y: 1.0000001, z: 1.0000002}
  m_Children: []
  m_Father: {fileID: 400080}
  m_RootOrder: 0
  m_LocalEulerAnglesHint: {x: 0, y: 0, z: 0}
--- !u!4 &400084
Transform:
  m_ObjectHideFlags: 1
  m_PrefabParentObject: {fileID: 0}
  m_PrefabInternal: {fileID: 100100000}
  m_GameObject: {fileID: 100084}
  m_LocalRotation: {x: 0.001135417, y: 0.005952666, z: -0.12443908, w: 0.9922088}
  m_LocalPosition: {x: -0.09290409, y: 0.005302787, z: 0.028749987}
  m_LocalScale: {x: 1, y: 1, z: 1}
  m_Children:
  - {fileID: 400086}
  m_Father: {fileID: 400078}
  m_RootOrder: 1
  m_LocalEulerAnglesHint: {x: 0, y: 0, z: 0}
--- !u!4 &400086
Transform:
  m_ObjectHideFlags: 1
  m_PrefabParentObject: {fileID: 0}
  m_PrefabInternal: {fileID: 100100000}
  m_GameObject: {fileID: 100086}
  m_LocalRotation: {x: 8.8706836e-10, y: -6.4752137e-10, z: -0.07188797, w: 0.99741274}
  m_LocalPosition: {x: -0.03544298, y: 0, z: 0}
  m_LocalScale: {x: 1.0000002, y: 1.0000004, z: 1}
  m_Children: []
  m_Father: {fileID: 400084}
  m_RootOrder: 0
  m_LocalEulerAnglesHint: {x: 0, y: 0, z: 0}
--- !u!4 &400088
Transform:
  m_ObjectHideFlags: 1
  m_PrefabParentObject: {fileID: 0}
  m_PrefabInternal: {fileID: 100100000}
  m_GameObject: {fileID: 100088}
  m_LocalRotation: {x: 0.006475964, y: -0.01573242, z: -0.19083443, w: 0.9814748}
  m_LocalPosition: {x: -0.09391004, y: 0.0011923313, z: -0.0072320476}
  m_LocalScale: {x: 1.0000001, y: 1, z: 1.0000002}
  m_Children:
  - {fileID: 400090}
  m_Father: {fileID: 400078}
  m_RootOrder: 2
  m_LocalEulerAnglesHint: {x: 0, y: 0, z: 0}
--- !u!4 &400090
Transform:
  m_ObjectHideFlags: 1
  m_PrefabParentObject: {fileID: 0}
  m_PrefabInternal: {fileID: 100100000}
  m_GameObject: {fileID: 100090}
  m_LocalRotation: {x: 6.9849165e-10, y: -3.4924588e-10, z: -0.000000014901158, w: 1}
  m_LocalPosition: {x: -0.037397563, y: -0.00000011920929, z: -0.000000007450581}
  m_LocalScale: {x: 1.0000002, y: 1.0000004, z: 1}
  m_Children: []
  m_Father: {fileID: 400088}
  m_RootOrder: 0
  m_LocalEulerAnglesHint: {x: 0, y: 0, z: 0}
--- !u!4 &400092
Transform:
  m_ObjectHideFlags: 1
  m_PrefabParentObject: {fileID: 0}
  m_PrefabInternal: {fileID: 100100000}
  m_GameObject: {fileID: 100092}
  m_LocalRotation: {x: -0.000099416946, y: -0.0000007846517, z: 0.00789229, w: 0.9999689}
  m_LocalPosition: {x: -0.25614184, y: 0, z: 0.00000011920929}
  m_LocalScale: {x: 1, y: 1.0000005, z: 1}
  m_Children:
  - {fileID: 400094}
  m_Father: {fileID: 400074}
  m_RootOrder: 1
  m_LocalEulerAnglesHint: {x: 0, y: 0, z: 0}
--- !u!4 &400094
Transform:
  m_ObjectHideFlags: 1
  m_PrefabParentObject: {fileID: 0}
  m_PrefabInternal: {fileID: 100100000}
  m_GameObject: {fileID: 100094}
  m_LocalRotation: {x: -0.00009942009, y: -0.000000003725311, z: 2.0335647e-10, w: 1}
  m_LocalPosition: {x: -0.082359135, y: -0.000000022351742, z: 0.00000011920929}
  m_LocalScale: {x: 0.9999999, y: 0.9999999, z: 0.99999994}
  m_Children:
  - {fileID: 400096}
  m_Father: {fileID: 400092}
  m_RootOrder: 0
  m_LocalEulerAnglesHint: {x: 0, y: 0, z: 0}
--- !u!4 &400096
Transform:
  m_ObjectHideFlags: 1
  m_PrefabParentObject: {fileID: 0}
  m_PrefabInternal: {fileID: 100100000}
  m_GameObject: {fileID: 100096}
  m_LocalRotation: {x: -0.00009953043, y: 8.834985e-14, z: -8.876667e-10, w: 1}
  m_LocalPosition: {x: -0.082359225, y: 0.000000007450581, z: -0.00000011920929}
  m_LocalScale: {x: 1.0000001, y: 1.0000001, z: 1.0000001}
  m_Children: []
  m_Father: {fileID: 400094}
  m_RootOrder: 0
  m_LocalEulerAnglesHint: {x: 0, y: 0, z: 0}
--- !u!4 &400098
Transform:
  m_ObjectHideFlags: 1
  m_PrefabParentObject: {fileID: 0}
  m_PrefabInternal: {fileID: 100100000}
  m_GameObject: {fileID: 100098}
  m_LocalRotation: {x: 0.58195025, y: 0.8132244, z: -0.0000017245746, w: 0.00000023176433}
  m_LocalPosition: {x: -0.023948073, y: -0.02657021, z: 0.00000011920927}
  m_LocalScale: {x: 1.0000001, y: 0.9999999, z: 0.9999999}
  m_Children:
  - {fileID: 400100}
  m_Father: {fileID: 400008}
  m_RootOrder: 1
  m_LocalEulerAnglesHint: {x: 0, y: 0, z: 0}
--- !u!4 &400100
Transform:
  m_ObjectHideFlags: 1
  m_PrefabParentObject: {fileID: 0}
  m_PrefabInternal: {fileID: 100100000}
  m_GameObject: {fileID: 100100}
  m_LocalRotation: {x: 0.00000003598096, y: 0.000000010480735, z: 0.96228373, w: -0.272048}
  m_LocalPosition: {x: -0.27017194, y: -0.00000011920929, z: 0}
  m_LocalScale: {x: 0.9999999, y: 0.9999999, z: 1}
  m_Children:
  - {fileID: 400102}
  m_Father: {fileID: 400098}
  m_RootOrder: 0
  m_LocalEulerAnglesHint: {x: 0, y: 0, z: 0}
--- !u!4 &400102
Transform:
  m_ObjectHideFlags: 1
  m_PrefabParentObject: {fileID: 0}
  m_PrefabInternal: {fileID: 100100000}
  m_GameObject: {fileID: 100102}
  m_LocalRotation: {x: 0.000000078779756, y: -0.00000009661206, z: 0.6319565, w: 0.77500385}
  m_LocalPosition: {x: -0.2992849, y: 0.0000004172325, z: 0}
  m_LocalScale: {x: 1.0000001, y: 1.0000002, z: 1}
  m_Children:
  - {fileID: 400104}
  m_Father: {fileID: 400100}
  m_RootOrder: 0
  m_LocalEulerAnglesHint: {x: 0, y: 0, z: 0}
--- !u!4 &400104
Transform:
  m_ObjectHideFlags: 1
  m_PrefabParentObject: {fileID: 0}
  m_PrefabInternal: {fileID: 100100000}
  m_GameObject: {fileID: 100104}
  m_LocalRotation: {x: -0.000006159543, y: -0.000043067113, z: 0.44190636, w: 0.8970612}
  m_LocalPosition: {x: -0.13144678, y: 0.00000070780516, z: 0.000000011762722}
  m_LocalScale: {x: 1.0000002, y: 1.0000001, z: 1}
  m_Children:
  - {fileID: 400106}
  m_Father: {fileID: 400102}
  m_RootOrder: 0
  m_LocalEulerAnglesHint: {x: 0, y: 0, z: 0}
--- !u!4 &400106
Transform:
  m_ObjectHideFlags: 1
  m_PrefabParentObject: {fileID: 0}
  m_PrefabInternal: {fileID: 100100000}
  m_GameObject: {fileID: 100106}
  m_LocalRotation: {x: 0.00000002197242, y: 0.000000009546149, z: 0.91717803, w: -0.39847764}
  m_LocalPosition: {x: -0.99039406, y: 0.00000017881393, z: 0.000000069521775}
  m_LocalScale: {x: 0.9999998, y: 0.99999994, z: 1}
  m_Children:
  - {fileID: 400108}
  m_Father: {fileID: 400104}
  m_RootOrder: 0
  m_LocalEulerAnglesHint: {x: 0, y: 0, z: 0}
--- !u!4 &400108
Transform:
  m_ObjectHideFlags: 1
  m_PrefabParentObject: {fileID: 0}
  m_PrefabInternal: {fileID: 100100000}
  m_GameObject: {fileID: 100108}
  m_LocalRotation: {x: -4.364864e-10, y: -0.0000000046878648, z: -0.09270885, w: 0.99569327}
  m_LocalPosition: {x: -0.5671819, y: 0.000008121133, z: -7.275958e-12}
  m_LocalScale: {x: 0.99999994, y: 1.0000001, z: 1}
  m_Children:
  - {fileID: 400110}
  m_Father: {fileID: 400106}
  m_RootOrder: 0
  m_LocalEulerAnglesHint: {x: 0, y: 0, z: 0}
--- !u!4 &400110
Transform:
  m_ObjectHideFlags: 1
  m_PrefabParentObject: {fileID: 0}
  m_PrefabInternal: {fileID: 100100000}
  m_GameObject: {fileID: 100110}
  m_LocalRotation: {x: -7.2759567e-12, y: -5.9330313e-13, z: -4.3168476e-24, w: 1}
  m_LocalPosition: {x: -0.53649455, y: -0.0000003054738, z: 0}
  m_LocalScale: {x: 1.0000001, y: 1.0000001, z: 1}
  m_Children: []
  m_Father: {fileID: 400108}
  m_RootOrder: 0
  m_LocalEulerAnglesHint: {x: 0, y: 0, z: 0}
--- !u!4 &400112
Transform:
  m_ObjectHideFlags: 1
  m_PrefabParentObject: {fileID: 0}
  m_PrefabInternal: {fileID: 100100000}
  m_GameObject: {fileID: 100112}
  m_LocalRotation: {x: -0.7071068, y: 0, z: -0, w: 0.7071068}
  m_LocalPosition: {x: 0.00003514625, y: 0, z: 0.0051265657}
  m_LocalScale: {x: 1, y: 1, z: 1}
  m_Children: []
  m_Father: {fileID: 400114}
  m_RootOrder: 3
  m_LocalEulerAnglesHint: {x: 0, y: 0, z: 0}
--- !u!4 &400114
Transform:
  m_ObjectHideFlags: 1
  m_PrefabParentObject: {fileID: 0}
  m_PrefabInternal: {fileID: 100100000}
  m_GameObject: {fileID: 100114}
  m_LocalRotation: {x: 0, y: 0, z: 0, w: 1}
  m_LocalPosition: {x: 0, y: 0, z: 0}
  m_LocalScale: {x: 1, y: 1, z: 1}
  m_Children:
  - {fileID: 400006}
  - {fileID: 400000}
  - {fileID: 400002}
  - {fileID: 400112}
  - {fileID: 400004}
  m_Father: {fileID: 0}
  m_RootOrder: 0
  m_LocalEulerAnglesHint: {x: 0, y: 0, z: 0}
--- !u!111 &11100000
Animation:
  m_ObjectHideFlags: 1
  m_PrefabParentObject: {fileID: 0}
  m_PrefabInternal: {fileID: 100100000}
  m_GameObject: {fileID: 100114}
  m_Enabled: 1
  serializedVersion: 3
  m_Animation: {fileID: 7400000, guid: d7c7da1c61a0f784b8315d3ae5bd6129, type: 3}
  m_Animations:
  - {fileID: 7400000, guid: d7c7da1c61a0f784b8315d3ae5bd6129, type: 3}
  - {fileID: 7400002, guid: d7c7da1c61a0f784b8315d3ae5bd6129, type: 3}
  - {fileID: 7400004, guid: d7c7da1c61a0f784b8315d3ae5bd6129, type: 3}
  - {fileID: 7400006, guid: d7c7da1c61a0f784b8315d3ae5bd6129, type: 3}
  - {fileID: 7400008, guid: d7c7da1c61a0f784b8315d3ae5bd6129, type: 3}
  - {fileID: 7400010, guid: d7c7da1c61a0f784b8315d3ae5bd6129, type: 3}
  - {fileID: 7400012, guid: d7c7da1c61a0f784b8315d3ae5bd6129, type: 3}
  - {fileID: 7400014, guid: d7c7da1c61a0f784b8315d3ae5bd6129, type: 3}
  - {fileID: 7400016, guid: d7c7da1c61a0f784b8315d3ae5bd6129, type: 3}
  - {fileID: 7400018, guid: d7c7da1c61a0f784b8315d3ae5bd6129, type: 3}
  - {fileID: 7400020, guid: d7c7da1c61a0f784b8315d3ae5bd6129, type: 3}
  - {fileID: 7400022, guid: d7c7da1c61a0f784b8315d3ae5bd6129, type: 3}
  - {fileID: 7400024, guid: d7c7da1c61a0f784b8315d3ae5bd6129, type: 3}
  - {fileID: 7400026, guid: d7c7da1c61a0f784b8315d3ae5bd6129, type: 3}
  - {fileID: 7400028, guid: d7c7da1c61a0f784b8315d3ae5bd6129, type: 3}
  - {fileID: 7400030, guid: d7c7da1c61a0f784b8315d3ae5bd6129, type: 3}
  - {fileID: 7400032, guid: d7c7da1c61a0f784b8315d3ae5bd6129, type: 3}
  - {fileID: 7400034, guid: d7c7da1c61a0f784b8315d3ae5bd6129, type: 3}
  - {fileID: 7400036, guid: d7c7da1c61a0f784b8315d3ae5bd6129, type: 3}
  - {fileID: 7400038, guid: d7c7da1c61a0f784b8315d3ae5bd6129, type: 3}
  - {fileID: 7400040, guid: d7c7da1c61a0f784b8315d3ae5bd6129, type: 3}
  - {fileID: 7400042, guid: d7c7da1c61a0f784b8315d3ae5bd6129, type: 3}
  - {fileID: 7400044, guid: d7c7da1c61a0f784b8315d3ae5bd6129, type: 3}
  - {fileID: 7400046, guid: d7c7da1c61a0f784b8315d3ae5bd6129, type: 3}
  - {fileID: 7400048, guid: d7c7da1c61a0f784b8315d3ae5bd6129, type: 3}
  - {fileID: 7400050, guid: d7c7da1c61a0f784b8315d3ae5bd6129, type: 3}
  - {fileID: 7400052, guid: d7c7da1c61a0f784b8315d3ae5bd6129, type: 3}
  - {fileID: 7400054, guid: d7c7da1c61a0f784b8315d3ae5bd6129, type: 3}
  - {fileID: 7400056, guid: d7c7da1c61a0f784b8315d3ae5bd6129, type: 3}
  - {fileID: 7400058, guid: d7c7da1c61a0f784b8315d3ae5bd6129, type: 3}
  - {fileID: 7400060, guid: d7c7da1c61a0f784b8315d3ae5bd6129, type: 3}
  - {fileID: 7400062, guid: d7c7da1c61a0f784b8315d3ae5bd6129, type: 3}
  - {fileID: 7400064, guid: d7c7da1c61a0f784b8315d3ae5bd6129, type: 3}
  m_WrapMode: 0
  m_PlayAutomatically: 1
  m_AnimatePhysics: 0
  m_CullingType: 1
--- !u!137 &13700000
SkinnedMeshRenderer:
  m_ObjectHideFlags: 1
  m_PrefabParentObject: {fileID: 0}
  m_PrefabInternal: {fileID: 100100000}
  m_GameObject: {fileID: 100000}
  m_Enabled: 1
  m_CastShadows: 1
  m_ReceiveShadows: 1
  m_DynamicOccludee: 1
  m_MotionVectors: 1
  m_LightProbeUsage: 0
  m_ReflectionProbeUsage: 1
  m_Materials:
  - {fileID: 2100000, guid: 70e2ac33613fd1746adf0396005f3e09, type: 2}
  m_StaticBatchInfo:
    firstSubMesh: 0
    subMeshCount: 0
  m_StaticBatchRoot: {fileID: 0}
  m_ProbeAnchor: {fileID: 0}
  m_LightProbeVolumeOverride: {fileID: 0}
  m_ScaleInLightmap: 1
  m_PreserveUVs: 0
  m_IgnoreNormalsForChartDetection: 0
  m_ImportantGI: 0
  m_StitchLightmapSeams: 0
  m_SelectedEditorRenderState: 3
  m_MinimumChartSize: 4
  m_AutoUVMaxDistance: 0.5
  m_AutoUVMaxAngle: 89
  m_LightmapParameters: {fileID: 0}
  m_SortingLayerID: 0
  m_SortingLayer: 0
  m_SortingOrder: 0
  serializedVersion: 2
  m_Quality: 0
  m_UpdateWhenOffscreen: 0
  m_SkinnedMotionVectors: 1
  m_Mesh: {fileID: 4300000, guid: d7c7da1c61a0f784b8315d3ae5bd6129, type: 3}
  m_Bones:
  - {fileID: 400008}
  - {fileID: 400102}
  - {fileID: 400010}
  - {fileID: 400028}
  - {fileID: 400108}
  - {fileID: 400050}
  - {fileID: 400032}
  m_BlendShapeWeights: []
  m_RootBone: {fileID: 400008}
  m_AABB:
    m_Center: {x: 0.29832467, y: -0.03391069, z: -0.025306523}
    m_Extent: {x: 1.084424, y: 0.8295507, z: 0.79840827}
  m_DirtyAABB: 0
--- !u!137 &13700002
SkinnedMeshRenderer:
  m_ObjectHideFlags: 1
  m_PrefabParentObject: {fileID: 0}
  m_PrefabInternal: {fileID: 100100000}
  m_GameObject: {fileID: 100002}
  m_Enabled: 1
  m_CastShadows: 1
  m_ReceiveShadows: 1
  m_DynamicOccludee: 1
  m_MotionVectors: 1
  m_LightProbeUsage: 0
  m_ReflectionProbeUsage: 1
  m_Materials:
  - {fileID: 2100000, guid: dfa14717396f57647b24c1cf69cc3359, type: 2}
  m_StaticBatchInfo:
    firstSubMesh: 0
    subMeshCount: 0
  m_StaticBatchRoot: {fileID: 0}
  m_ProbeAnchor: {fileID: 0}
  m_LightProbeVolumeOverride: {fileID: 0}
  m_ScaleInLightmap: 1
  m_PreserveUVs: 0
  m_IgnoreNormalsForChartDetection: 0
  m_ImportantGI: 0
  m_StitchLightmapSeams: 0
  m_SelectedEditorRenderState: 3
  m_MinimumChartSize: 4
  m_AutoUVMaxDistance: 0.5
  m_AutoUVMaxAngle: 89
  m_LightmapParameters: {fileID: 0}
  m_SortingLayerID: 0
  m_SortingLayer: 0
  m_SortingOrder: 0
  serializedVersion: 2
  m_Quality: 0
  m_UpdateWhenOffscreen: 0
  m_SkinnedMotionVectors: 1
  m_Mesh: {fileID: 4300002, guid: d7c7da1c61a0f784b8315d3ae5bd6129, type: 3}
  m_Bones:
  - {fileID: 400032}
  - {fileID: 400028}
  m_BlendShapeWeights: []
  m_RootBone: {fileID: 400028}
  m_AABB:
    m_Center: {x: -0.32525018, y: -0.080612816, z: -0.01699093}
    m_Extent: {x: 0.19631097, y: 0.24433476, z: 0.17066246}
  m_DirtyAABB: 0
--- !u!137 &13700004
SkinnedMeshRenderer:
  m_ObjectHideFlags: 1
  m_PrefabParentObject: {fileID: 0}
  m_PrefabInternal: {fileID: 100100000}
  m_GameObject: {fileID: 100004}
  m_Enabled: 1
  m_CastShadows: 1
  m_ReceiveShadows: 1
  m_DynamicOccludee: 1
  m_MotionVectors: 1
  m_LightProbeUsage: 0
  m_ReflectionProbeUsage: 1
  m_Materials:
  - {fileID: 2100000, guid: fc6e90e282390eb45861aa3ee016e10c, type: 2}
  m_StaticBatchInfo:
    firstSubMesh: 0
    subMeshCount: 0
  m_StaticBatchRoot: {fileID: 0}
  m_ProbeAnchor: {fileID: 0}
  m_LightProbeVolumeOverride: {fileID: 0}
  m_ScaleInLightmap: 1
  m_PreserveUVs: 0
  m_IgnoreNormalsForChartDetection: 0
  m_ImportantGI: 0
  m_StitchLightmapSeams: 0
  m_SelectedEditorRenderState: 3
  m_MinimumChartSize: 4
  m_AutoUVMaxDistance: 0.5
  m_AutoUVMaxAngle: 89
  m_LightmapParameters: {fileID: 0}
  m_SortingLayerID: 0
  m_SortingLayer: 0
  m_SortingOrder: 0
  serializedVersion: 2
  m_Quality: 0
  m_UpdateWhenOffscreen: 0
  m_SkinnedMotionVectors: 1
  m_Mesh: {fileID: 4300004, guid: d7c7da1c61a0f784b8315d3ae5bd6129, type: 3}
  m_Bones:
  - {fileID: 400016}
  - {fileID: 400018}
  - {fileID: 400024}
  - {fileID: 400026}
  m_BlendShapeWeights: []
  m_RootBone: {fileID: 400024}
  m_AABB:
    m_Center: {x: -0.039045274, y: 0.06962953, z: -0.1602235}
    m_Extent: {x: 0.24259353, y: 0.31813905, z: 0.20556717}
  m_DirtyAABB: 0
--- !u!137 &13700006
SkinnedMeshRenderer:
  m_ObjectHideFlags: 1
  m_PrefabParentObject: {fileID: 0}
  m_PrefabInternal: {fileID: 100100000}
  m_GameObject: {fileID: 100112}
  m_Enabled: 1
  m_CastShadows: 1
  m_ReceiveShadows: 1
  m_DynamicOccludee: 1
  m_MotionVectors: 1
  m_LightProbeUsage: 0
  m_ReflectionProbeUsage: 1
  m_Materials:
  - {fileID: 2100000, guid: bbbccd20cc3da664aa6761dd9493c55e, type: 2}
  m_StaticBatchInfo:
    firstSubMesh: 0
    subMeshCount: 0
  m_StaticBatchRoot: {fileID: 0}
  m_ProbeAnchor: {fileID: 0}
  m_LightProbeVolumeOverride: {fileID: 0}
  m_ScaleInLightmap: 1
  m_PreserveUVs: 0
  m_IgnoreNormalsForChartDetection: 0
  m_ImportantGI: 0
  m_StitchLightmapSeams: 0
  m_SelectedEditorRenderState: 3
  m_MinimumChartSize: 4
  m_AutoUVMaxDistance: 0.5
  m_AutoUVMaxAngle: 89
  m_LightmapParameters: {fileID: 0}
  m_SortingLayerID: 0
  m_SortingLayer: 0
  m_SortingOrder: 0
  serializedVersion: 2
  m_Quality: 0
  m_UpdateWhenOffscreen: 0
  m_SkinnedMotionVectors: 1
  m_Mesh: {fileID: 4300006, guid: d7c7da1c61a0f784b8315d3ae5bd6129, type: 3}
  m_Bones:
  - {fileID: 400032}
  - {fileID: 400042}
  - {fileID: 400044}
  - {fileID: 400048}
  - {fileID: 400050}
  - {fileID: 400046}
  - {fileID: 400028}
  - {fileID: 400066}
  - {fileID: 400052}
  - {fileID: 400068}
  - {fileID: 400054}
  - {fileID: 400056}
  - {fileID: 400064}
  - {fileID: 400062}
  - {fileID: 400060}
  - {fileID: 400058}
  - {fileID: 400030}
  - {fileID: 400014}
  - {fileID: 400016}
  - {fileID: 400018}
  - {fileID: 400074}
  - {fileID: 400076}
  - {fileID: 400072}
  - {fileID: 400092}
  - {fileID: 400078}
  - {fileID: 400094}
  - {fileID: 400080}
  - {fileID: 400082}
  - {fileID: 400090}
  - {fileID: 400088}
  - {fileID: 400086}
  - {fileID: 400084}
  - {fileID: 400022}
  - {fileID: 400024}
  - {fileID: 400026}
  - {fileID: 400034}
  - {fileID: 400038}
  m_BlendShapeWeights: []
  m_RootBone: {fileID: 400028}
  m_AABB:
    m_Center: {x: 0.22243205, y: 0.1758348, z: -0.04279515}
    m_Extent: {x: 1.042179, y: 0.90683043, z: 0.84888685}
  m_DirtyAABB: 0
--- !u!1001 &100100000
Prefab:
  m_ObjectHideFlags: 1
  serializedVersion: 2
  m_Modification:
    m_TransformParent: {fileID: 0}
    m_Modifications: []
    m_RemovedComponents: []
  m_ParentPrefab: {fileID: 0}
  m_RootGameObject: {fileID: 100114}
  m_IsPrefabParent: 1
